<record><leader>00000cas a2200000 a 4500</leader><controlfield tag="001">11671594</controlfield><controlfield tag="008">850208d18891895ksuwr ne      0   a0eng d</controlfield><datafield ind1=" " ind2=" " tag="010"><subfield code="a">sn 85030867 </subfield></datafield><datafield ind1=" " ind2=" " tag="040"><subfield code="a">KSH</subfield><subfield code="b">eng</subfield><subfield code="c">KSH</subfield><subfield code="d">NPT</subfield><subfield code="d">OCL</subfield><subfield code="d">OCLCQ</subfield></datafield><datafield ind1=" " ind2=" " tag="042"><subfield code="a">msc</subfield></datafield><datafield ind1="0" ind2="4" tag="245"><subfield code="a">The Jetmore sunflower.</subfield></datafield><datafield ind1=" " ind2=" " tag="260"><subfield code="a">Jetmore, Kan. :</subfield><subfield code="b">O.E. Hardy,</subfield><subfield code="c">1889-1895.</subfield></datafield><datafield ind1=" " ind2=" " tag="300"><subfield code="a">6 v. :</subfield><subfield code="b">ill. ;</subfield><subfield code="c">51-59 cm.</subfield></datafield><datafield ind1=" " ind2=" " tag="310"><subfield code="a">Weekly</subfield></datafield><datafield ind1="0" ind2=" " tag="362"><subfield code="a">Vol. 1, no. 1 (Dec. 18, 1889)-v. 6, no. 7 (Jan. 23, 1895).</subfield></datafield><datafield ind1=" " ind2=" " tag="500"><subfield code="a">Published by Q.M. Mack, Jan. 23, 1895.</subfield></datafield><datafield ind1=" " ind2=" " tag="500"><subfield code="a">"Republican."</subfield></datafield><datafield ind1=" " ind2=" " tag="752"><subfield code="a">United States</subfield><subfield code="b">Kansas</subfield><subfield code="c">Hodgeman</subfield><subfield code="d">Jetmore.</subfield></datafield><datafield ind1="0" ind2="7" tag="785"><subfield code="t">Jetmore siftings</subfield><subfield code="w">(DLC)sn 85030872</subfield></datafield><datafield ind1="0" ind2="7" tag="785"><subfield code="t">Jetmore republican (Jetmore, Kan. : 1895)</subfield><subfield code="w">(DLC)sn 85030868</subfield></datafield></record>